<?xml version="1.0" encoding="UTF-8"?><record xmlns="http://www.loc.gov/MARC21/slim" xmlns:cinclude="http://apache.org/cocoon/include/1.0" xmlns:zs="http://www.loc.gov/zing/srw/">
  <leader>00551nz  a2200169n  4500</leader>
  <controlfield tag="001">no2008006443</controlfield>
  <controlfield tag="003">DLC</controlfield>
  <controlfield tag="005">20080117075128.0</controlfield>
  <controlfield tag="008">080115n| acannaabn          |n aaa      </controlfield>
  <datafield tag="010" ind1=" " ind2=" ">
    <subfield code="a">no2008006443</subfield>
  </datafield>
  <datafield tag="035" ind1=" " ind2=" ">
    <subfield code="a">(OCoLC)oca07628247</subfield>
  </datafield>
  <datafield tag="040" ind1=" " ind2=" ">
    <subfield code="a">SaPrNL</subfield>
    <subfield code="b">eng</subfield>
    <subfield code="c">SaPrNL</subfield>
  </datafield>
  <datafield tag="042" ind1=" " ind2=" ">
    <subfield code="a">sanb</subfield>
  </datafield>
  <datafield tag="100" ind1="1" ind2=" ">
    <subfield code="a">Slabbert, Linda,</subfield>
    <subfield code="d">1946-</subfield>
  </datafield>
  <datafield tag="670" ind1=" " ind2=" ">
    <subfield code="a">Trefwoorde vir kultuurhistoriese voorwerpe, 1974:</subfield>
    <subfield code="b">t.p. (Linda Slabbert)</subfield>
  </datafield>
  <datafield tag="670" ind1=" " ind2=" ">
    <subfield code="a">SANB correspondence with author, Apr. 19, 1974</subfield>
    <subfield code="b">(maiden name: Du Plooy; b. Sep. 13, 1946)</subfield>
  </datafield>
  <datafield tag="700" ind1="1" ind2="7">
    <subfield code="a">Slabbert, Linda,</subfield>
    <subfield code="d">1946-</subfield>
    <subfield code="2">sanb</subfield>
  </datafield>
</record>